
@inproceedings{au2011studying,
  title={Studying how the past is remembered: towards computational history through large scale text mining},
  author={Au Yeung, Ching-man and Jatowt, Adam},
  booktitle={Proceedings of the 20th ACM international conference on Information and knowledge management},
  pages={1231--1240},
  year={2011}
}

@article{gaizauskas1998information,
  title={Information extraction: Beyond document retrieval},
  author={Gaizauskas, Robert and Wilks, Yorick},
  journal={Journal of documentation},
  volume={54},
  number={1},
  pages={70--105},
  year={1998},
  publisher={Emerald Group Publishing Limited}
}

@article{boyd2017applications,
  title={Applications of topic models},
  author={Boyd-Graber, Jordan and Hu, Yuening and Mimno, David},
  journal={Foundations and TrendsÂ® in Information Retrieval},
  volume={11},
  number={2-3},
  pages={143--296},
  year={2017},
  publisher={Now Publishers}
}

@article{alghamdi2015survey,
  title={A survey of topic modeling in text mining},
  author={Alghamdi, Rubayyi and Alfalqi, Khalid},
  journal={International Journal of Advanced Computer Science and Applications},
  volume={6},
  year={2015},
  publisher={Science and Information Organization}
}

@article{20,
  title={Latent Dirichlet Allocation (LDA) and topic modeling: models, applications, a survey},
  author={Jelodar, Hamed and Wang, Yongli and Yuan, Chi and Feng, Xia and Jiang, Xiahui and Li, Yanchao and Zhao, Liang},
  journal={Multimedia Tools and Applications},
  volume={78},
  pages={15169--15211},
  year={2019},
  publisher={Springer}
}

@phdthesis{26,
  title={An Investigation of the Latent Semantic Analysis Technique for Document Retrieval},
  author={Mugo, David M},
  year={2014},
  school={PhD thesis}
}

@article{14,
  title={A topic modeling comparison between LDA, NMF, Top2Vec, and BERTopic to demystify Twitter posts},
  author={Egger, Roman and Yu, Joanne},
  journal={Frontiers in Sociology},
  volume={7},
  year={2022},
  publisher={Frontiers}
}

@inproceedings{10,
  title={An overview of topic modeling methods and tools},
  author={Barde, Bhagyashree Vyankatrao and Bainwad, Anant Madhavrao},
  booktitle={2017 International Conference on Intelligent Computing and Control Systems (ICICCS)},
  pages={745--750},
  year={2017},
  organization={IEEE}
}

@article{28,
  title={An analytical study on behavior of clusters using k-means, EM and k*-means algorithm},
  author={Nathiya, G and Punitha, SC and Punithavalli, M},
  journal={arXiv preprint arXiv:1004.1743},
  year={2010}
}
@article{18,
  title={Data clustering: A review},
  author={Jain, A. K. and Murty, M. N. and Flynn, P. J.},
  journal={ACM Computing Surveys},
  volume={31},
  number={3},
  pages={264--323},
  year={1999},
  publisher={ACM}
}

@inproceedings{27,
  title={Research on k-means clustering algorithm: An improved k-means clustering algorithm},
  author={Na, Shi and Xumin, Liu and Yong, Guan},
  booktitle={2010 Third International Symposium on Intelligent Information Technology and Security Informatics},
  pages={63--67},
  year={2010},
  organization={IEEE}
}

@article{6,
  title={The k-means algorithm: A comprehensive survey and performance evaluation},
  author={Ahmed, Mohiuddin and Seraj, Raihan and Islam, Syed Muhammad Masudur},
  journal={Electronics},
  volume={9},
  number={8},
  pages={1295},
  year={2020},
  publisher={MDPI}
}

@inproceedings{32,
  title={Dbscan-gm: An improved clustering method based on gaussian means and dbscan techniques},
  author={Smiti, Abir and Elouedi, Zied},
  booktitle={2012 IEEE 16th International Conference on Intelligent Engineering Systems (INES)},
  pages={573--578},
  year={2012},
  organization={IEEE}
}

@inproceedings{19,
  title={Dbscan++: Towards fast and scalable density clustering},
  author={Jang, Jennifer and Jiang, Heinrich},
  booktitle={International Conference on Machine Learning},
  year={2018}
}


@inproceedings{29,
  title={A study of hierarchical clustering algorithms},
  author={Patel, Sakshi and Sihmar, Shivani and Jatain, Aman},
  booktitle={2015 2nd International Conference on Computing for Sustainable Global Development (INDIACom)},
  pages={537--541},
  year={2015},
  organization={IEEE}
}


@article{34,
  title={Mean shift clustering},
  author={Tuzel, Oncel and Meer, Peter},
  journal={Technical report},
  year={2002}
}

@article{HDB1,
  title={Hierarchical Density Estimates for Data Clustering, Visualization, and Outlier Detection},
  author={Campello, Ricardo J. G. B. and Moulavi, Davoud and Zimek, Arthur and Sander, J{\"o}rg},
  journal={ACM Transactions on Knowledge Discovery from Data (TKDD)},
  volume={10},
  number={1},
  pages={1--28},
  year={2015},
  publisher={ACM},
  doi={10.1145/2733381}
}

@inproceedings{HDB2,
  title={Density-Based Clustering Based on Hierarchical Density Estimates},
  author={Campello, Ricardo J. G. B. and Moulavi, Davoud and Sander, J{\"o}rg},
  booktitle={Pacific-Asia Conference on Knowledge Discovery and Data Mining},
  pages={160--172},
  year={2013},
  publisher={Springer},
  doi={10.1007/978-3-642-37456-2_14}
}

@article{bertopic2022,
  title={BERTopic: Neural topic modeling with a class-based TF-IDF procedure},
  author={Grootendorst, Maarten},
  journal={arXiv preprint arXiv:2203.05794},
  year={2022}
}


@article{Bert,
  title={BERT: Pre-training of Deep Bidirectional Transformers for Language Understanding},
  author={Devlin, Jacob and Chang, Ming-Wei and Lee, Kenton and Toutanova, Kristina},
  journal={arXiv preprint arXiv:1810.04805},
  year={2018}
}


@article{mikolov2013efficient,
  title={Efficient Estimation of Word Representations in Vector Space},
  author={Mikolov, Tomas and Sutskever, Ilya and Chen, Kai and Corrado, Greg S. and Dean, Jeffrey},
  journal={arXiv preprint arXiv:1301.3781},
  year={2013}
}

@book{salton1983introduction,
  title={Introduction to Modern Information Retrieval},
  author={Salton, Gerard and McGill, Michael J.},
  year={1983},
  publisher={McGraw-Hill}
}

@inproceedings{akbik2018contextual,
  title={Contextual String Embeddings for Sequence Labeling},
  author={Akbik, Alan and Blythe, Duncan and Vollgraf, Roland},
  booktitle={Proceedings of the 27th International Conference on Computational Linguistics},
  year={2018}
}


@inproceedings{pennington2014glove,
  title={GloVe: Global Vectors for Word Representation},
  author={Pennington, Jeffrey and Socher, Richard and Manning, Christopher D.},
  booktitle={Proceedings of the 2014 Conference on Empirical Methods in Natural Language Processing (EMNLP)},
  pages={1532--1543},
  year={2014}
}

@article{liu2019roberta,
  title={RoBERTa: A Robustly Optimized BERT Pretraining Approach},
  author={Liu, Yinhan and Ott, Myle and Goyal, Naman and Du, Jonathan and Joshi, Mandar and Chen, Dan and Wu, Changyou and Hsu, Walter and Montes, Peter and So, David and others},
  journal={arXiv preprint arXiv:1907.11692},
  year={2019}
}

@techreport{radford2018generative,
  title={Improving Language Understanding by Generative Pre-Training},
  author={Radford, Alec and Narasimhan, Karthik and Salimans, Tim and Sutskever, Ilya},
  institution={OpenAI},
  year={2018},
  type={Technical Report}
}

@article{reimers2019sentence,
  title={Sentence-BERT: Sentence Embeddings using Siamese BERT-Networks},
  author={Reimers, Nils and Gurevych, Iryna},
  journal={arXiv preprint arXiv:1908.10084},
  year={2019}
}

@article{cer2018universal,
  title={Universal Sentence Encoder},
  author={Cer, Daniel and Yang, Wei and Kong, Sandeep and Hua, Nan and Limtiaco, Nico and Strope, Bill and Paulo, Jason},
  journal={arXiv preprint arXiv:1803.11175},
  year={2018}
}

@article{conneau2019massively,
  title={Massively Multilingual Sentence Embeddings for Zero-Shot Cross-Lingual Transfer and Beyond},
  author={Conneau, Alexis and Lample, Guillaume},
  journal={Transactions of the Association for Computational Linguistics},
  volume={7},
  pages={597--610},
  year={2019},
  publisher={MIT Press},
  doi={10.1162/tacl_a_00271}
}

@article{galton1901lines,
  title={On Lines and Planes of Closest Fit to Systems of Points in Space},
  author={Galton, Francis},
  journal={Philosophical Magazine},
  volume={51},
  pages={491--505},
  year={1901}
}

@article{fisher1936use,
  title={The Use of Multiple Measurements in Taxonomic Problems},
  author={Fisher, Ronald A.},
  journal={Annals of Eugenics},
  volume={7},
  number={2},
  pages={179--188},
  year={1936},
  publisher={Cambridge University Press}
}

@article{maaten2008visualizing,
  title={Visualizing Data using t-SNE},
  author={van der Maaten, Laurens and Hinton, Geoffrey},
  journal={Journal of Machine Learning Research},
  volume={9},
  pages={2579--2605},
  year={2008}
}

@article{mcinnes2018umap,
  title={UMAP: Uniform Manifold Approximation and Projection for Dimension Reduction},
  author={McInnes, Leland and Healy, John and Melville, James},
  journal={arXiv preprint arXiv:1802.03426},
  year={2018}
}
@article{blei2003latent,
  title={Latent Dirichlet Allocation},
  author={Blei, David M. and Ng, Andrew Y. and Jordan, Michael I.},
  journal={Journal of Machine Learning Research},
  volume={3},
  pages={993--1022},
  year={2003}
}
@inproceedings{mcauliffe2007supervised,
  author={McAuliffe, Jon and Blei, David M.},
  title={Supervised Topic Models},
  booktitle={Advances in Neural Information Processing Systems},
  volume={20},
  year={2007}
}

@inproceedings{blei2006dynamic,
  author={Blei, David M. and Lafferty, John D.},
  title={Dynamic Topic Models},
  booktitle={Proceedings of the 23rd International Conference on Machine Learning},
  month={June},
  pages={113--120},
  year={2006}
}

@inproceedings{srivastava2017autoencoding,
  author={Srivastava, Anirudh and Sutton, Charles},
  title={Autoencoding Variational Inference for Topic Models},
  booktitle={International Conference on Learning Representations (ICLR)},
  year={2017}
}

@inproceedings{das2015gaussian,
  author={Das, Ranganath and Zaheer, Manzil and Dyer, Chris},
  title={Gaussian LDA for Topic Models with Word Embeddings},
  booktitle={Proceedings of the 53rd Annual Meeting of the Association for Computational Linguistics and the 7th International Joint Conference on Natural Language Processing (Volume 1: Long Papers)},
  pages={795--804},
  year={2015}
}

@inproceedings{batmanghelich2016nonparametric,
  author={Batmanghelich, Kayhan and Saeedi, Ardavan and Narasimhan, Karthik and Gershman, Samuel J.},
  title={Nonparametric Spherical Topic Modeling with Word Embeddings},
  booktitle={Proceedings of the 54th Annual Meeting of the Association for Computational Linguistics (Volume 2: Short Papers)},
  pages={537--542},
  year={2016},
  location={Berlin, Germany},
  publisher={Association for Computational Linguistics},
  note={Online available: \url{https://aclanthology.org/P16-2087}}
}

@article{dieng2020topic,
  author={Dieng, Adji B. and Ruiz, Francisco J. R. and Blei, David M.},
  title={Topic Modeling in Embedding Spaces},
  journal={Transactions of the Association for Computational Linguistics},
  volume={8},
  pages={439--453},
  year={2020}
}
@article{sia2020tired,
  author={Sia, S. and Dalmia, A. and Mielke, S. J.},
  title={Tired of Topic Models? Clusters of Pretrained Word Embeddings Make for Fast and Good Topics Too!},
  journal={arXiv preprint arXiv:2004.14914},
  year={2020}
}
@inproceedings{hoyle2020improving,
  author={Hoyle, Alexander M. and Goel, Pranav and Resnik, Philip},
  title={Improving Neural Topic Models Using Knowledge Distillation},
  booktitle={Proceedings of the 2020 Conference on Empirical Methods in Natural Language Processing (EMNLP)},
  pages={1752--1771},
  year={2020},
  publisher={Association for Computational Linguistics (ACL)},
  note={Online available: \url{https://aclanthology.org/2020.emnlp-main.137}}
}

@inproceedings{gupta2021multi,
  author={Gupta, Pranjal and Chaudhary, Yogesh and SchÃ¼tze, Hinrich},
  title={Multi-Source Neural Topic Modeling in Multi-View Embedding Spaces},
  booktitle={Proceedings of the 2021 Conference of the North American Chapter of the Association for Computational Linguistics: Human Language Technologies},
  pages={4205--4217},
  year={2021},
  publisher={Association for Computational Linguistics},
  note={Online available: \url{https://aclanthology.org/2021.naacl-main.332}}
}
@inproceedings{miao2016neural,
  author={Miao, Yishu and Yu, Lei and Blunsom, Phil},
  title={Neural Variational Inference for Text Processing},
  booktitle={Proceedings of the 33rd International Conference on Machine Learning (ICML 2016)},
  volume={48},
  series={JMLR Workshop and Conference Proceedings},
  pages={1727--1736},
  year={2016},
  location={New York City, NY, USA},
  month={June},
  publisher={JMLR.org}
}
@inproceedings{chang2009relational,
  title={Relational Topic Models for Document Networks},
  author={Chang, Jonathan and Gerrish, Sean and Wang, Chong and Boyd-Graber, Jordan and Blei, David},
  booktitle={Proceedings of the 12th International Conference on Artificial Intelligence and Statistics},
  year={2009}
}
@inproceedings{hovy2020you,
  author={Hovy, Dirk and Bianchi, Federico and Fornaciari, Tommaso},
  title={âYou Sound Just Like Your Fatherâ: Commercial Machine Translation Systems Include Stylistic Biases},
  booktitle={Proceedings of the 58th Annual Meeting of the Association for Computational Linguistics},
  pages={1686--1690},
  year={2020},
  publisher={Association for Computational Linguistics},
  note={Online}
}
@article{heyman2016c,
  author={Heyman, Geert and Vulic, Ivan and Moens, Marie-Francine},
  title={C-BiLDA: Extracting Cross-Lingual Topics from Non-Parallel Texts by Distinguishing Shared from Unshared Content},
  journal={Data Mining and Knowledge Discovery},
  volume={30},
  number={5},
  pages={1299--1323},
  year={2016}
}
@article{hofmann2013probabilistic,
  author={Hofmann, Thomas},
  title={Probabilistic Latent Semantic Analysis},
  journal={arXiv preprint arXiv:1301.6705},
  year={2013}
}
@misc{chatgpt2022,
  title = {ChatGPT: A Large Language Model},
  author = {OpenAI},
  year = {2022},
}

@online{pythonlibrary,
  title        = {Python Documentation - The Python Standard Library},
  author       = {{Python Documentation}},
  year         = {2023},
  url          = {https://docs.python.org/3/library/index.html},
}

@online{geeksforgeeks_clustering_metrics,
  title        = {Clustering Metrics},
  author       = {{GeeksforGeeks}},
  year         = {2024},
  url          = {https://www.geeksforgeeks.org/clustering-metrics/},
}
@inproceedings{zheng2015unexpectedness,
  title={An unexpectedness-augmented utility model for making serendipitous recommendation},
  author={Zheng, Qianru and Chan, Chi-Kong and Ip, Horace HS},
  booktitle={Advances in Data Mining: Applications and Theoretical Aspects: 15th Industrial Conference, ICDM 2015, Hamburg, Germany, July 11-24, 2015, Proceedings 15},
  pages={216--230},
  year={2015},
  organization={Springer}
}

@article{dyde2023documentation,
  title={Documentation on the emergence, current iterations, and possible future of artificial intelligence with a focus on large language models},
  author={Dyde, Travis},
  year={2023}
}

@article{hadi2023large,
  title={Large language models: a comprehensive survey of its applications, challenges, limitations, and future prospects},
  author={Hadi, Muhammad Usman and Qureshi, Rizwan and Shah, Abbas and Irfan, Muhammad and Zafar, Anas and Shaikh, Muhammad Bilal and Akhtar, Naveed and Wu, Jia and Mirjalili, Seyedali and others},
  journal={Authorea Preprints},
  year={2023},
  publisher={Authorea}
} 